@article{klein2001fiction,
  title={The fiction of optimization},
  author={Klein, Gary},
  journal={Bounded rationality: The adaptive toolbox},
  pages={103--121},
  year={2001},
  publisher={MIT Press Cambridge, MA}
}

@incollection{gopirajanpotential,
  title={Potential Benefits of BIAs-based ML/DL Models},
  author={Gopirajan, PV and Hariharan, B and Wilfred, Blessing NR and Anupama, CG},
  booktitle={Bio-inspired Algorithms in Machine Learning and Deep Learning for Disease Detection},
  pages={1--22},
  publisher={CRC Press}
}
@inproceedings{smith2007overview,
  title={An overview of the Tesseract OCR engine},
  author={Smith, Ray},
  booktitle={Ninth international conference on document analysis and recognition (ICDAR 2007)},
  volume={2},
  pages={629--633},
  year={2007},
  organization={IEEE}
}
@INPROCEEDINGS{meghatria2024,
  author={Meghatria, Riadh and Abderrahim, Im√®ne Ait},
  booktitle={2024 8th International Conference on Image and Signal Processing and their Applications (ISPA)}, 
  title={Detection and Recognition Approaches for Medical Labels in Algeria}, 
  year={2024},
  volume={},
  number={},
  pages={1-6},
  keywords={Image recognition;Text recognition;Insurance;Medical services;Streaming media;Signal processing;Pharmacology;Medical labels;Medical label information;Detection;Text Recognition;OCR},
  doi={10.1109/ISPA59904.2024.10536801}}

@article{bian2024machine,
  title={Machine learning optimization techniques: a Survey, classification, challenges, and Future Research Issues},
  author={Bian, Kewei and Priyadarshi, Rahul},
  journal={Archives of Computational Methods in Engineering},
  volume={31},
  number={7},
  pages={4209--4233},
  year={2024},
  publisher={Springer}
}

@article{kshetry2021image,
  title={Image preprocessing and modified adaptive thresholding for improving OCR},
  author={Kshetry, Rohan Lal},
  journal={arXiv preprint arXiv:2111.14075},
  year={2021}
}

@misc{zheng2018feature,
  title={Feature Engineering for Machine Learning: Principles and Techniques for Data Scientists},
  author={Zheng, Alice and Casari, Amanda},
  year={2018},
  publisher={O'Reilly Media, Inc.}
}

@book{feurer2019hyperparameter,
  title={Hyperparameter optimization},
  author={Feurer, Matthias and Hutter, Frank},
  year={2019},
  publisher={Springer International Publishing}
}

@inproceedings{akiba2019optuna,
  title={Optuna: A next-generation hyperparameter optimization framework},
  author={Akiba, Takuya and Sano, Shotaro and Yanase, Toshihiko and Ohta, Takeru and Koyama, Masanori},
  booktitle={Proceedings of the 25th ACM SIGKDD international conference on knowledge discovery \& data mining},
  pages={2623--2631},
  year={2019}
}

@article{liaw2018tune,
    title={Tune: A Research Platform for Distributed Model Selection and Training},
    author={Liaw, Richard and Liang, Eric and Nishihara, Robert
            and Moritz, Philipp and Gonzalez, Joseph E and Stoica, Ion},
    journal={arXiv preprint arXiv:1807.05118},
    year={2018}
}

@article{lopez2016irace,
  title={The irace package: Iterated racing for automatic algorithm configuration},
  author={L{\'o}pez-Ib{\'a}{\~n}ez, Manuel and Dubois-Lacoste, J{\'e}r{\'e}mie and C{\'a}ceres, Leslie P{\'e}rez and Birattari, Mauro and St{\"u}tzle, Thomas},
  journal={Operations Research Perspectives},
  volume={3},
  pages={43--58},
  year={2016},
  publisher={Elsevier}
}

@article{shanthi2022genetic,
  title={Genetic algorithm based hyper-parameter tuning to improve the performance of machine learning models},
  author={Shanthi, DL and Chethan, N},
  journal={SN Computer Science},
  volume={4},
  number={2},
  pages={119},
  year={2022},
  publisher={Springer}
}

@inproceedings{indrawati2023enhancing,
  title={Enhancing machine learning models through hyperparameter optimization with particle swarm optimization},
  author={Indrawati, Ariani and Wahyuni, Intan N},
  booktitle={2023 International Conference on Computer, Control, Informatics and its Applications (IC3INA)},
  pages={244--249},
  year={2023},
  organization={IEEE}
}

@inproceedings{akhil2016overview,
  title={An overview of tesseract OCR engine},
  author={Akhil, S},
  booktitle={A seminar report. Department of Computer Science and Engineering National Institute of Technology, Calicut Monsoon},
  year={2016}
}

@article{liang2005camera,
  title={Camera-based analysis of text and documents: a survey},
  author={Liang, Jian and Doermann, David and Li, Huiping},
  journal={International Journal of Document Analysis and Recognition (IJDAR)},
  volume={7},
  pages={84--104},
  year={2005},
  publisher={Springer}
}

@article{savova2010mayo,
  title={Mayo clinical Text Analysis and Knowledge Extraction System (cTAKES): architecture, component evaluation and applications},
  author={Savova, Guergana K and Masanz, James J and Ogren, Philip V and Zheng, Jiaping and Sohn, Sunghwan and Kipper-Schuler, Karin C and Chute, Christopher G},
  journal={Journal of the American Medical Informatics Association},
  volume={17},
  number={5},
  pages={507--513},
  year={2010},
  publisher={BMJ Group BMA House, Tavistock Square, London, WC1H 9JR}
}

@article{alkendi2024advancements,
  title={Advancements and challenges in handwritten text recognition: A comprehensive survey},
  author={AlKendi, Wissam and Gechter, Franck and Heyberger, Laurent and Guyeux, Christophe},
  journal={Journal of Imaging},
  volume={10},
  number={1},
  pages={18},
  year={2024},
  publisher={MDPI}
}

@article{mori1992historical,
  title={Historical review of OCR research and development},
  author={Mori, Shunji and Suen, Ching Y and Yamamoto, Kazuhiko},
  journal={Proceedings of the IEEE},
  volume={80},
  number={7},
  pages={1029--1058},
  year={1992},
  publisher={IEEE}
}

@article{karpagavalli2016review,
  title={A review on automatic speech recognition architecture and approaches},
  author={Karpagavalli, S and Chandra, Edy},
  journal={International Journal of Signal Processing, Image Processing and Pattern Recognition},
  volume={9},
  number={4},
  pages={393--404},
  year={2016},
  publisher={NADIA}
}

@book{gonzales1987digital,
  title={Digital image processing},
  author={Gonzales, Rafael C and Wintz, Paul},
  year={1987},
  publisher={Addison-Wesley Longman Publishing Co., Inc.}
}

@article{suzuki2017overview,
  title={Overview of deep learning in medical imaging},
  author={Suzuki, Kenji},
  journal={Radiological physics and technology},
  volume={10},
  number={3},
  pages={257--273},
  year={2017},
  publisher={Springer}
}

@inproceedings{he2016deep,
  title={Deep residual learning for image recognition},
  author={He, Kaiming and Zhang, Xiangyu and Ren, Shaoqing and Sun, Jian},
  booktitle={Proceedings of the IEEE conference on computer vision and pattern recognition},
  pages={770--778},
  year={2016}
}


@article{eikvil1993optical,
  title={Optical character recognition},
  author={Eikvil, Line},
  journal={citeseer. ist. psu. edu/142042. html},
  volume={26},
  pages={1--4},
  year={1993}
}

@article{patel2012optical,
  title={Optical character recognition by open source OCR tool tesseract: A case study},
  author={Patel, Chirag and Patel, Atul and Patel, Dharmendra},
  journal={International journal of computer applications},
  volume={55},
  number={10},
  year={2012},
  publisher={Foundation of Computer Science}
}

@inproceedings{li2023trocr,
  title={Trocr: Transformer-based optical character recognition with pre-trained models},
  author={Li, Minghao and Lv, Tengchao and Chen, Jingye and Cui, Lei and Lu, Yijuan and Florencio, Dinei and Zhang, Cha and Li, Zhoujun and Wei, Furu},
  booktitle={Proceedings of the AAAI conference on artificial intelligence},
  volume={37},
  number={11},
  pages={13094--13102},
  year={2023}
}

@article{schulenburg2004gocr,
  title={GOCR: Open-source character recognition, version 0.39},
  author={Schulenburg, J},
  journal={http://jocr. sourceforge. net/index. html},
  year={2004}
}

@inproceedings{bieniecki2007image,
  title={Image preprocessing for improving ocr accuracy},
  author={Bieniecki, Wojciech and Grabowski, Szymon and Rozenberg, Wojciech},
  booktitle={2007 international conference on perspective technologies and methods in MEMS design},
  pages={75--80},
  year={2007},
  organization={IEEE}
}

@inproceedings{ait2024automated,
  title={Automated Medical Labels Detection and Text Extraction Using Tesseract},
  author={Ait Abderrahim, Im{\`e}ne and Benrached, Youcef},
  booktitle={International Symposium on Modelling and Implementation of Complex Systems},
  pages={212--225},
  year={2024},
  organization={Springer}
}

%%

@inproceedings{Smith2007,
  author       = {Smith, Ray},
  title        = {An Overview of the Tesseract OCR Engine},
  booktitle    = {Proceedings of the Ninth International Conference on Document Analysis and Recognition (ICDAR)},
  year         = {2007},
  pages        = {629--633},
  publisher    = {IEEE Computer Society},
  doi          = {10.1109/ICDAR.2007.4376991}
}

@article{Subramani2020,
  author       = {Subramani, Nishant},
  title        = {A Survey of Deep Learning Approaches for OCR and Document Understanding},
  journal      = {arXiv preprint arXiv:2011.13534},
  year         = {2020}
}

@article{Goodrum2020,
  author       = {Goodrum, Heath and Roberts, Kirk and Bernstam, Elmer V.},
  title        = {Automatic classification of scanned electronic health record documents},
  journal      = {International Journal of Medical Informatics},
  volume       = {144},
  pages        = {104302},
  year         = {2020},
  doi          = {10.1016/j.ijmedinf.2020.104302}
}

@article{Datta2025,
  author       = {Datta, Apurba and Hasan, Md Mehedi and Mahmud, Niaz and Ferdosi, Bilkis Jamal and Islam, Rafiqul and Rahman, Ziaur and Mehedi, Sk Tanzir},
  title        = {Preserving medical information from doctor's prescription ensuring relation among the terminology},
  journal      = {Computers in Biology and Medicine},
  volume       = {188},
  pages        = {109812},
  year         = {2025},
  doi          = {10.1016/j.compbiomed.2025.109812}
}

@article{Liu2020,
  author       = {Liu, Xiangwen and Meehan, Joe and Tong, Weida and Wu, Leihong and Xu, Xiaowei and Xu, Joshua},
  title        = {DLI-IT: a deep learning approach to drug label identification through image and text embedding},
  journal      = {BMC Medical Informatics and Decision Making},
  volume       = {20},
  number       = {1},
  pages        = {68},
  year         = {2020},
  doi          = {10.1186/s12911-020-1078-3}
}
=

@inproceedings{Shi2016,
  author       = {Shi, Baoguang and Bai, Xiang and Yao, Cong},
  title        = {An End-to-End Trainable Neural Network for Image-based Sequence Recognition and Its Application to Scene Text Recognition},
  booktitle    = {Proceedings of the IEEE/CVF Conference on Computer Vision and Pattern Recognition (CVPR)},
  year         = {2016},
  pages        = {1424--1432},
  doi          = {10.1109/CVPR.2016.156}
}

@article{Li2021,
  author       = {Li, Minghao and Lv, Tengchao and Chen, Jingye and Cui, Lei and Lu, Yijuan and Florencio, Dinei and Zhang, Cha and Li, Zhoujun and Wei, Furu},
  title        = {TrOCR: Transformer-based Optical Character Recognition with Pre-trained Models},
  journal      = {arXiv preprint arXiv:2109.10282},
  year         = {2021}
}

@misc{JaidedAI2020,
  author       = {{JaidedAI}},
  title        = {EasyOCR: Ready-to-use OCR with 80+ supported languages},
  howpublished = {GitHub repository},
  year         = {2020},
  url          = {https://github.com/JaidedAI/EasyOCR}
}

@inproceedings{Gupta2016,
  author       = {Gupta, Ankush and Vedaldi, Andrea and Zisserman, Andrew},
  title        = {Synthetic Data for Text Localisation in Natural Images},
  booktitle    = {Proceedings of the IEEE Conference on Computer Vision and Pattern Recognition (CVPR)},
  year         = {2016},
  pages        = {2315--2324},
  doi          = {10.1109/CVPR.2016.254}
}

@misc{CVAT2023,
  author       = {{CVAT.ai Corporation}},
  title        = {Computer Vision Annotation Tool (CVAT)},
  year         = {2023},
  howpublished = {Zenodo},
  doi          = {10.5281/zenodo.7863887}
}

@misc{Tzutalin2015,
  author       = {Tzutalin},
  title        = {LabelImg: Image Annotation Tool},
  howpublished = {GitHub repository},
  year         = {2015},
  url          = {https://github.com/tzutalin/labelImg}
}

@dataset{dataset,
author = {Dastanpour, Amin and Ibrahim, Suhaimi and Mashinchi, M.},
year = {2014},
month = {03},
pages = {},
title = {Used Genetic Algorithm for Support Artificial Neural Network in Intrusion Detection System}
}


@techreport{borovikov2004survey,
  title={A Survey of Modern Optical Character Recognition Techniques},
  author={Borovikov, Eugene},
  year={2004},
  institution={University of Western Ontario},
  doi={10.13140/2.1.2690.2404}
}

@article{casey1996survey,
  title={A survey of methods and strategies in character recognition},
  author={Casey, Richard G and Lecolinet, Eric},
  journal={IEEE Transactions on Pattern Analysis and Machine Intelligence},
  volume={18},
  number={7},
  pages={690--706},
  year={1996},
  publisher={IEEE}
}

@article{lecun1998gradient,
  title={Gradient-based learning applied to document recognition},
  author={LeCun, Yann and Bottou, Leon and Bengio, Yoshua and Haffner, Patrick},
  journal={Proceedings of the IEEE},
  volume={86},
  number={11},
  pages={2278--2324},
  year={1998},
  publisher={IEEE}
}

@article{lecun1989backprop,
  title={Backpropagation Applied to Handwritten Zip Code Recognition},
  author={LeCun, Yann and Boser, Bernhard and Denker, John S and Henderson, Donnie and Howard, Richard E and Hubbard, Wayne and Jackel, Lawrence D},
  journal={Neural Computation},
  volume={1},
  number={4},
  pages={541--551},
  year={1989},
  publisher={MIT Press},
  doi={10.1162/neco.1989.1.4.541}
}

@article{graves2009offline,
  title={Offline handwriting recognition with multidimensional recurrent neural networks},
  author={Graves, Alex and Liwicki, Marcus and Fernandez, Santiago and Bertolami, R and Bunke, Horst and Schmidhuber, J√ºrgen},
  journal={NIPS},
  year={2009}
}

@article{graves2009unconstrained,
  title={A novel connectionist system for unconstrained handwriting recognition},
  author={Graves, Alex and Liwicki, Marcus and Fernandez, Santiago and Bertolami, Rolf and Bunke, Horst and Schmidhuber, J{\"u}rgen},
  journal={IEEE Transactions on Pattern Analysis and Machine Intelligence},
  volume={31},
  number={5},
  pages={855--868},
  year={2009},
  publisher={IEEE},
  doi={10.1109/TPAMI.2008.137}
}

@article{shi2016crnn,
  title={An end-to-end trainable neural network for image-based sequence recognition and its application to scene text recognition},
  author={Shi, Baoguang and Bai, Xiang and Yao, Cong},
  journal={Pattern Recognition},
  volume={63},
  pages={124--134},
  year={2017},
  publisher={Elsevier},
  doi={10.1016/j.patcog.2016.07.001}
}
@inproceedings{li2021trocr,
  title={TrOCR: Transformer-based Optical Character Recognition with Pre-trained Models},
  author={Li, Minghao and Zhang, Yiheng and Zhang, Lei and Cui, Lei and Lu, Yijuan and Florencio, Dinei and Zhang, Cha and Che, Wanxiang and Liu, Ting and Zhou, Furu},
  booktitle={Proceedings of the 2021 ACM International Conference on Multimedia},
  pages={1513--1522},
  year={2021}
}


@article{shi2017crnn,
  title={An end-to-end trainable neural network for image-based sequence recognition and its application to scene text recognition},
  author={Shi, Baoguang and Bai, Xiang and Yao, Cong},
  journal={IEEE Transactions on Pattern Analysis and Machine Intelligence},
  volume={39},
  number={11},
  pages={2298--2304},
  year={2017},
  publisher={IEEE}
}

@article{Casey1996,
  author    = {R. G. Casey and E. Lecolinet},
  title     = {A Survey of Methods and Strategies in Character Segmentation},
  journal   = {IEEE Transactions on Pattern Analysis and Machine Intelligence},
  volume    = {18},
  number    = {7},
  pages     = {690--706},
  year      = {1996},
  doi       = {10.1109/34.508128}
}


@misc{nguyen_jtessboxeditor,
  author       = {Quan Nguyen},
  title        = {jTessBoxEditor - Box Editor for Tesseract OCR},
  year         = {2012},
  howpublished = {\url{https://github.com/nguyenq/jTessBoxEditor}},
  note         = {Accessed: 2024-12-23}
}

@article{duong2020unsupervised,
  title={An unsupervised method for OCR post-correction and spelling normalisation for Finnish},
  author={Duong, Quan and H{\"a}m{\"a}l{\"a}inen, Mika and Hengchen, Simon},
  journal={arXiv preprint arXiv:2011.03502},
  year={2020}
}

@inproceedings{soper2021bart,
  title={BART for post-correction of OCR newspaper text},
  author={Soper, Elizabeth and Fujimoto, Stanley and Yu, Yen-Yun},
  booktitle={Proceedings of the seventh workshop on noisy user-generated text (W-NUT 2021)},
  pages={284--290},
  year={2021}
}

@inproceedings{gllavata2003robust,
  title={A robust algorithm for text detection in images},
  author={Gllavata, Julinda and Ewerth, Ralph and Freisleben, Bernd},
  booktitle={3rd International Symposium on Image and Signal Processing and Analysis, 2003. ISPA 2003. Proceedings of the},
  volume={2},
  pages={611--616},
  year={2003},
  organization={IEEE}
}

@inproceedings{zhou2017east,
  title={EAST: An efficient and accurate scene text detector},
  author={Zhou, Xinyu and Yao, Cong and Wen, He and Wang, Yuzhi and Zhou, Shuchang and He, Weiran and Liang, Jiajun},
  booktitle={Proceedings of the IEEE Conference on Computer Vision and Pattern Recognition (CVPR)},
  pages={5551--5560},
  year={2017}
}



@article{shi2015end,
  title={An End-to-End Trainable Neural Network for Image-based Sequence Recognition and Its Application to Scene Text Recognition},
  author={Shi, Baoguang and Bai, Xiang and Yao, Cong},
  journal={arXiv preprint arXiv:1507.05717},
  year={2015}
}

@article{dosovitskiy2020image,
  title={An Image is Worth 16x16 Words: Transformers for Image Recognition at Scale},
  author={Dosovitskiy, Alexey and Beyer, Lucas and Kolesnikov, Alexander and Weissenborn, Dirk and Zhai, Xiaohua and Unterthiner, Thomas and Dehghani, Mostafa and Minderer, Matthias and Heigold, Georg and Gelly, Sylvain and Uszkoreit, Jakob and Houlsby, Neil},
  journal={arXiv preprint arXiv:2010.11929},
  year={2020}
}


@book{Goodfellow-et-al-2016,
  title     = {Deep Learning},
  author    = {Ian Goodfellow and Yoshua Bengio and Aaron Courville},
  year      = {2016},
  publisher = {MIT Press},
  url       = {https://www.deeplearningbook.org/}
}

@article{masters2018revisiting,
  title={Revisiting Small Batch Training for Deep Neural Networks},
  author={Masters, Dominic and Luschi, Carlo},
  journal={arXiv preprint arXiv:1804.07612},
  year={2018}
}

@article{kingma2014adam,
  title={Adam: A Method for Stochastic Optimization},
  author={Kingma, Diederik P and Ba, Jimmy},
  journal={arXiv preprint arXiv:1412.6980},
  year={2014}
}

@article{zeiler2012adadelta,
  title={ADADELTA: An Adaptive Learning Rate Method},
  author={Zeiler, Matthew D},
  journal={arXiv preprint arXiv:1212.5701},
  year={2012}
}

@inproceedings{sutskever2013importance,
  title={On the importance of initialization and momentum in deep learning},
  author={Ilya Sutskever and James Martens and George Dahl and Geoffrey Hinton},
  booktitle={International Conference on Machine Learning},
  pages={1139--1147},
  year={2013},
  organization={PMLR}
}

@article{redmon2016you,
  title={You Only Look Once: Unified, Real-Time Object Detection},
  author={Redmon, Joseph and Divvala, Santosh and Girshick, Ross and Farhadi, Ali},
  journal={Proceedings of the IEEE Conference on Computer Vision and Pattern Recognition (CVPR)},
  year={2016},
  pages={779--788}
}

@inproceedings{baek2019character,
  title={Character Region Awareness for Text Detection},
  author={Baek, Youngmin and Lee, Bado and Han, Dongyoon and Yun, Sangdoo and Lee, Hwalsuk},
  booktitle={Proceedings of the IEEE International Conference on Computer Vision (ICCV)},
  year={2019},
  pages={9365--9374}
}

@misc{mindee2021doctr,
  title={Mindee/doctr: Document Text Recognition},
  author={Mindee},
  howpublished={\url{https://github.com/mindee/doctr}},
  year={2021},
  note={Accessed: 2025-06-09}
}

@article{loshchilov2017decoupled,
  title={Decoupled Weight Decay Regularization},
  author={Loshchilov, Ilya and Hutter, Frank},
  journal={arXiv preprint arXiv:1711.05101},
  year={2017},
  url={https://arxiv.org/abs/1711.05101}
}

@inproceedings{vaswani2017attention,
  title={Attention is All You Need},
  author={Vaswani, Ashish and Shazeer, Noam and Parmar, Niki and Uszkoreit, Jakob and Jones, Llion and Gomez, Aidan N and Kaiser, ≈Åukasz and Polosukhin, Illia},
  booktitle={Advances in Neural Information Processing Systems},
  volume={30},
  year={2017},
  url={https://arxiv.org/abs/1706.03762}
}

@book{vanrossum2009python,
  title     = {Python 3 Reference Manual},
  author    = {Van Rossum, Guido and Drake, Fred L.},
  year      = {2009},
  publisher = {CreateSpace},
  address   = {Scotts Valley, CA}
}
